%---------------------------------------------------------------------------%
%-                                                                         -%
%-                             Bibliography                                -%
%-                                                                         -%
%---------------------------------------------------------------------------%

% %
@inproceedings{hookway1997digital,
  title={DIGITAL FX! 32 running 32-Bit x86 applications on Alpha NT},
  author={Hookway, Ray},
  booktitle={Proceedings IEEE COMPCON 97. Digest of Papers},
  pages={37--42},
  year={1997},
  organization={IEEE}
}

@inproceedings{hiser2007evaluating,
  title={Evaluating indirect branch handling mechanisms in software dynamic translation systems},
  author={Hiser, Jason D and Williams, Daniel and Hu, Wei and Davidson, Jack W and Mars, Jason and Childers, Bruce R},
  booktitle={International Symposium on Code Generation and Optimization (CGO'07)},
  pages={61--73},
  year={2007},
  organization={IEEE}
}

@inproceedings{yue2010improved,
  title={An improved code cache management scheme from i386 to alpha in dynamic binary translation},
  author={Yue, Feng and Pang, Jianmin and Han, Xiaosu and Cui, Jinxian},
  booktitle={2010 Second International Conference on Computer Modeling and Simulation},
  volume={2},
  pages={321--324},
  year={2010},
  organization={IEEE}
}

@inproceedings{shi2016floating,
  title={Floating point optimization based on binary translation system QEMU},
  author={Shi, Qiang and Zhao, RongCai},
  booktitle={2016 2nd Workshop on Advanced Research and Technology in Industry Applications (WARTIA-16)},
  pages={1338--1343},
  year={2016},
  organization={Atlantis Press}
}

@article{d2016optimizing,
  title={Optimizing indirect branches in dynamic binary translators},
  author={d'Antras, Amanieu and Gorgovan, Cosmin and Garside, Jim and Luj{\'a}n, Mikel},
  journal={ACM Transactions on Architecture and Code Optimization (TACO)},
  volume={13},
  number={1},
  pages={1--25},
  year={2016},
  publisher={ACM New York, NY, USA}
}

@misc{huawei2023,
  author       = {华为技术有限公司},
  title        = {华为动态二进制翻译工具（ExaGear）},
  year         = {2023},
  howpublished = {EB/OL},
  note         = {[2023-11-23]},
  url          = {https://www.hikunpeng.com/developer/devkit/exagear}
}

@misc{apple2023,
  author       = {Apple Inc.},
  title        = {About the Rosetta Translation Environment},
  year         = {2023},
  howpublished = {J/OL},
  journal      = {Apple Developer Documentation},
  note         = {[2023-11-23]},
  url          = {https://developer.apple.com/documentation/apple-silicon/about-the-rosetta-translation-environment}
}

@inproceedings{bellard2005,
  author    = {Bellard, Fabrice},
  title     = {QEMU, a Fast and Portable Dynamic Translator},
  booktitle = {USENIX Annual Technical Conference},
  year      = {2005},
  pages     = {46}
}


@article{谢汶兵2024二进制翻译技术综述,
  title={二进制翻译技术综述},
  author={谢汶兵 and 田雪 and 漆锋滨 and 武成岗 and 王俊 and 罗巧玲},
  journal={软件学报},
  volume={35},
  number={6},
  pages={2687--2723},
  year={2024}
}

@Article{2022-20196,
title = {龙芯指令系统架构技术},
journal = {计算机研究与发展},
volume = {60},
number = {1},
pages = {2-16},
year = {2023},
issn = {1000-1239},
doi = {10.7544/issn1000-1239.202220196},
url = {https://crad.ict.ac.cn/cn/article/doi/10.7544/issn1000-1239.202220196},
author = {胡伟武 and 汪文祥 and 吴瑞阳 and 王焕东 and 曾露 and 徐成华 and 高翔 and 张福新}
}

@thesis{hu2023,
  author       = {胡起},
  title        = {指令流分析制导的动态二进制翻译优化技术},
  tertiaryauthor = {张福新},
  publisher    = {中国科学院计算技术研究所},
  year         = {2023},
  type         = {硕士},
  keywords     = {动态二进制翻译, 二进制翻译优化, 指令流分析, 龙架构},
}
@thesis{YCH2024,
  author       = {燕澄皓},
  title        = {二进制翻译中的指令膨胀分析与优化研究},
  publisher    = {中国科学院计算技术研究所},
  year         = {2024},
  type         = {硕士},
  keywords     = {动态二进制翻译, 二进制翻译优化, 指令流分析, 龙架构},
}

@INPROCEEDINGS{5306785,
  author={Borin, Edson and Wu, Youfeng},
  booktitle={2009 IEEE International Symposium on Workload Characterization (IISWC)}, 
  title={Characterization of DBT overhead}, 
  year={2009},
  volume={},
  number={},
  pages={178-187},
  keywords={Table lookup;Educational institutions;Binary codes;Instruction sets;Microarchitecture;Instruments;Hardware;Runtime;Application software;Performance analysis},
  doi={10.1109/IISWC.2009.5306785}}

@article{bruening2004efficient,
  title={Efficient, transparent, and comprehensive runtime code manipulation},
  author={Bruening, Derek and Amarasinghe, Saman},
  year={2004},
  publisher={Massachusetts Institute of Technology, Department of Electrical Engineering~…}
}

@article{10.1145/3640813,
author = {Xie, Benyi and Yan, Yue and Yan, Chenghao and Tao, Sicheng and Zhang, Zhuangzhuang and Li, Xinyu and Lan, Yanzhi and Wu, Xiang and Liu, Tianyi and Zhang, Tingting and Zhang, Fuxin},
title = {An Instruction Inflation Analyzing Framework for Dynamic Binary Translators},
year = {2024},
issue_date = {June 2024},
publisher = {Association for Computing Machinery},
address = {New York, NY, USA},
volume = {21},
number = {2},
issn = {1544-3566},
url = {https://doi.org/10.1145/3640813},
doi = {10.1145/3640813},
journal = {ACM Trans. Archit. Code Optim.},
month = mar,
articleno = {28},
numpages = {25},
keywords = {Dynamic binary translation, translation inflation, overhead analysis}
}

@inproceedings{guo2014eatbit,
  title={EATBit: Effective automated test for binary translation with high code coverage},
  author={Guo, Hui and Wang, Zhenjiang and Wu, Chenggang and He, Ruining},
  booktitle={2014 Design, Automation \& Test in Europe Conference \& Exhibition (DATE)},
  pages={1--6},
  year={2014},
  organization={IEEE}
}

@phdthesis{zou2021,
  author    = {邹旭},
  title     = {面向二进制翻译的随机化测试生成研究},
  year      = {2021},
  school    = {中国科学院计算技术研究所}
}

%---------------------------------------------------------------------------%
